@Misc{www.expreview.com,
howpublished = {[EB/OL]},
note = {\url{https://www.expreview.com/49967-all.html} Accessed December 23, 2016},
title = {Intel真的在挤牙膏？历代Core i7处理器性能大比拼},
author = {Strike}
}
@Misc{blog.csdn.net,
howpublished = {[EB/OL]},
note = {\url{https://blog.csdn.net/baidu_35679960/article/details/77884485} Accessed September 07, 2017},
title = {科普：intel CPU 微架构的发展史},
author = {十一月zz}
}